<record><leader>00000cas a22000007a 4500</leader><controlfield tag="001">31417544</controlfield><controlfield tag="008">941107c19199999vauwr ne      0    0eng d</controlfield><datafield ind1=" " ind2=" " tag="010"><subfield code="a">sn 94060141 </subfield></datafield><datafield ind1=" " ind2=" " tag="040"><subfield code="a">NVK</subfield><subfield code="b">eng</subfield><subfield code="c">NVK</subfield><subfield code="d">OCLCQ</subfield><subfield code="d">OCLCF</subfield><subfield code="d">OCLCO</subfield></datafield><datafield ind1="1" ind2=" " tag="029"><subfield code="a">AU@</subfield><subfield code="b">000011358176</subfield></datafield><datafield ind1=" " ind2=" " tag="042"><subfield code="a">msc</subfield></datafield><datafield ind1=" " ind2=" " tag="043"><subfield code="a">n-us-va</subfield></datafield><datafield ind1="0" ind2=" " tag="130"><subfield code="a">Herald-progress (Ashland, Va.)</subfield></datafield><datafield ind1="1" ind2="4" tag="245"><subfield code="a">The Herald-progress.</subfield></datafield><datafield ind1="3" ind2="0" tag="246"><subfield code="a">Hanover County herald-progress</subfield></datafield><datafield ind1=" " ind2=" " tag="260"><subfield code="a">Ashland, Va. :</subfield><subfield code="b">Hanover Print. &amp; Pub. Co.</subfield></datafield><datafield ind1=" " ind2=" " tag="300"><subfield code="a">v.</subfield></datafield><datafield ind1=" " ind2=" " tag="310"><subfield code="a">Weekly</subfield></datafield><datafield ind1="0" ind2=" " tag="362"><subfield code="a">Vol. 25, no. 13 (Feb. 7, 1919)-</subfield></datafield><datafield ind1=" " ind2=" " tag="500"><subfield code="a">Title varies. Frequently called: The Hanover County herald-progress.</subfield></datafield><datafield ind1=" " ind2="0" tag="651"><subfield code="a">Ashland (Va.)</subfield><subfield code="v">Newspapers.</subfield></datafield><datafield ind1=" " ind2="0" tag="651"><subfield code="a">Hanover County (Va.)</subfield><subfield code="v">Newspapers.</subfield></datafield><datafield ind1=" " ind2="7" tag="655"><subfield code="a">Newspapers.</subfield><subfield code="2">fast</subfield><subfield code="0">(OCoLC)fst01423814</subfield></datafield><datafield ind1=" " ind2="7" tag="651"><subfield code="a">Virginia</subfield><subfield code="z">Ashland.</subfield><subfield code="2">fast</subfield><subfield code="0">(OCoLC)fst01219714</subfield></datafield><datafield ind1=" " ind2="7" tag="651"><subfield code="a">Virginia</subfield><subfield code="z">Hanover County.</subfield><subfield code="2">fast</subfield><subfield code="0">(OCoLC)fst01209400</subfield></datafield><datafield ind1=" " ind2=" " tag="752"><subfield code="a">United States</subfield><subfield code="b">Virginia</subfield><subfield code="c">Hanover</subfield><subfield code="d">Ashland.</subfield></datafield><datafield ind1="0" ind2="4" tag="780"><subfield code="t">Hanover weekly herald (Ashland, Va.)</subfield><subfield code="w">(DLC)sn 94060137</subfield></datafield><datafield ind1="0" ind2="4" tag="780"><subfield code="t">Hanover progress (Ashland, Va.)</subfield><subfield code="w">(DLC)sn 94060135</subfield></datafield></record>